% Ejemplo referencia paper
@inproceedings{Jablonski2016,
  doi = {10.1117/12.2224022},
  url = {https://doi.org/10.1117%2F12.2224022},
  year  = {2016},
  month = {may},
  publisher = {{SPIE}-Intl Soc Optical Eng},
  author = {Joseph Jablonski and others},
  editor = {David P. Bannon},
  title = {Best practices in passive remote sensing {VNIR} hyperspectral system hardware calibrations},
  booktitle = {Hyperspectral Imaging Sensors: Innovative Applications and Sensor Standards 2016}
}

% Ejemplo referencia libro
@book{ModernOpticalEngineering,
  Author = {Warren J. Smith},
  Title = {Modern Optical Engineering},
  Publisher = {McGraw-Hill Professional},
  Year = {2000},
  ISBN = {0071363602},
  URL = {https://www.amazon.com/Modern-Optical-Engineering-Warren-Smith/dp/0071363602?SubscriptionId=0JYN1NVW651KCA56C102&tag=techkie-20&linkCode=xm2&camp=2025&creative=165953&creativeASIN=0071363602}
}